
\bibitem{miyoshi09}
K. Miyoshi, K. Kasahara, I. Miyazaki, and A. Asanuma, ``Lithium treatment elongates primary cilia in the mouse brain and in cultured cells," \emph{Biochem. Biophys. Res. Commun.}, vol. 388, no. 4, pp. 757--762, Oct. 2009.

\bibitem{verghese09}
E. Verghese, S. D. Rocardo, R. Weidenfeld, \emph{et al}, ``Renal primary cilia lengthen after acute tubular
necrosis," \emph{J. Am. Soc. Nephrol.}, vol. 20, no. 10, pp. 2147--2153, Oct. 2009.

\bibitem{gao13}
Y. Gao, M. J. Romero-Aleshire, Q. Cai, T. J. Price, and H. L. Brooks, ``Rapamycin inhibition of mTORC1 reverses lithium-induced proliferation of renal collecting duct cells," \emph{Am. J. Physiol. Renal Physiol.}, vol. 305, no. 8, pp. F1201--F1208, Oct. 2013.

\bibitem{dissram17}
S. Ram, ``Sparse representations and nonlinear image processing for inverse imaging solutions," Ph.D. dissertation, Dept. Elect. Comput. Engg., Univ. Arizona, Tucson, AZ, 2017.

\bibitem{ram16}
S. Ram, and J. J. Rodr\'iguez, ``Vehicle detection in aerial images using multiscale structure enhancement and symmetry," \emph{Proc. IEEE Intl. Conf. Image Process. (ICIP)}, pp. 3817--3821, Sep. 2016.

\bibitem{ram17}
S. Ram, F. Danford, S. Howerton, J. J. Rodr\'iguez, and J. P. V. Geest, ``Three-Dimensional segmentation of the ex-vivo anterior lamina cribrosa from second-harmonic imaging microscopy," \emph{IEEE Trans. Biomed. Engg.}, in press.

\bibitem{lecun15}
Y. LeCun, Y. Bengio, and G. Hinton, ``Deep learning," \emph{Nat.}, vol. 521, no. 7553, pp. 436--444, May 2015.

\bibitem{krizhevsky12}
A. Krizhevsky, I. Sutskever, and G. E. Hinton, ``Imagenet classification with deep convolutional neural networks," \emph{Proc. Conf. Neural Information Processing Systems (NIPS)} pp. 1106--1114, Dec. 2012.

\bibitem{gupta17}
A. Gupta, A. Suveer, J. Lindblad, A. Dragomir, I.-D. Sintron, and N. Sladoje, ``Convolutional neural networks for false positive reduction of automatically detected cilia in low magnification TEM images," In: P. Sharma, F. Bianchi (eds) Image Analysis SCIA 2017, Lecture Notes in Computer Science, vol. 10269, Springer Cham, pp. 407--418, May. 2017.

\bibitem{zhang08}
B. Zhang, M. Fadili, and J.-L. Starck, ``Wavelets, ridgelets, and curvelets for Poisson noise removal," \emph{IEEE Trans. Image Process.}, vol. 17, no. 7, pp. 1093--1108, Jul. 2008.

\bibitem{ronneberger15}
O. Ronneberger, P. Fischer, and T. Brox, ``U-Net: convolutional networks for biomedical image segmentation," \emph{Proc. Med. Image Comput. Comput.-Assist. Intervention (MICCAI)}, pp. 234--241, Sep. 2015.

\bibitem{simonyan15}
K. Simonyan, and A. Zisserman, ``Very deep convolutional networks for large-scale image recognition," Presented at \emph{Proc. 3rd Intl. Conf. Learning Representations (ICLR)}, 2015. [Online]. Available: \textcolor{blue}{https://arxiv.org/pdf/1409.1556.pdf}

\bibitem{kingma15}
D. Kingma, and J. Ba, ``Adam: a method for stochastic optimization," Presented at \emph{Proc. 3rd Intl. Conf. Learning Representations (ICLR)}, 2015. [Online]. Available: \textcolor{blue}{https://arxiv.org/pdf/1412.6980.pdf}

\bibitem{bosch07}
A.Bosch, A. Zisserman, and X. Munoz, ``Image classification using random forests and ferns," \emph{Proc. Intl. Conf. Comput. Vis. (ICCV)}, pp.1--8, Jul. 2007.

\bibitem{dundar15}
M. Dundar, Q. Kou, B. Zhang, Y. He, and B. Rajwa, ``Simplicity of K-means versus deepness of deep learning: a case study of unsupervised feature learning with limited data," \emph{Proc. 14th IEEE Intl. Conf. Mach. Learn. Appl. (ICMLA)}, pp. 883--888, Dec. 2015.

\bibitem{haykin09}
S. Haykin, \emph{Neural Networks and Learning Machines,} Upper saddle River, NY, USA:Pearson, 2009.

\bibitem{abadi15}
M. Abadi, A. Agarwal, P. Barham, \emph{et al}, ``TensorFlow: large-scale machine learning on heterogeneous systems," March 16, 2016. [Online]. Available: \textcolor{blue}{https://arxiv.org/pdf/1603.04467.pdf}

