% -------------------------------------------------------------------------->
% -------------------------------------------------------------------------->
% Point base merging papers.

@article{Boiss:Delaunay84,
	author  = {Jean-Daniel Boissonnat},
	title   = {Geometric structures for three-dimensional shape representation},
	journal = {ACM Transactions on Graphics},
	volume  = {3},
	year    = {1984},
	pages   = {266--286},
	month   = {October},
	number  = {4}
}

@inproceedings{Hoppe:UnStr92,
	author    = {H. Hoppe and T. DeRose and T. Duchamp and J. McDonald and W. Stuetzle},
	title     = {Surface reconstruction from unorganized points},
	booktitle = {In Proc. of SIGGRAPH},
	year      = {1992},
	pages     = {71--78}
}

@article{Boris:UnStr04,
	author   = {B. Mederos and L. Velho and L. Henrique de Figueiredo},
	title    = {Smooth Surface Reconstruction from Noisy Clouds},
	journal  = {Journal of the Brazilian Computing Society},
	year={2004}
}

@inproceedings{Kolluri:SSR04,
	author    = {R. Kolluri and J. R. Shewchuk and J. F. O'Brien},
	title     = {Spectral Surface Reconstruction from Noisy Point Clouds},
	booktitle = {Symposium on Geometry Processing},
	year      = {2004},
	month     = {July},
	pages     = {11--21}
}

@inproceedings{Curless:VolM96,
	author    = {B. Curless and M. Levoy},
	title     = {A volumetric method for building complex models from range images},
	booktitle = {Proc. of SIGGRAPH},
	year      = {1996},
	pages     = {303--312}
}

@article{Hilton:MeshM96,
	author  = {A. Hilton and A. J. Stoddart and J. Illingworth and T. Windeatt},
	title   = {Reliable surface reconstruction from multiple range images},
	journal = {Proceedings of European Conference on Computer Vision},
	volume  = {1064},
	year    = {1996},
	pages   = {117--126}
}

@inproceedings{Sato:VolM97,
	author    = {Y. Sato and M. D. Wheeler and K. Ikeuchi},
	title     = {Object shape and reflectance modeling from observation},
	booktitle = {Proceedings of SIGGRAPH},
	year      = {1997},
	pages     = {379--387}
}

@inproceedings{Hoppe:VolM97,
	author    = {K. Pulli and T. Duchamp and H. Hoppe and J. A. McDonald and L. G. Shapiro and W. Stuetzle},
	title     = {Robust Meshes from Multiple Range Maps},
	booktitle = {Proceedings of 3DIM},
	year      = {1997},
	pages     = {205--212}
}

@article{Hilton:VolM00,
	author   = {A. Hilton and J. Illingworth},
	title    = {Geometric fusion for a hand-held 3D sensor},
	journal  = {Machine Vision and Applications},
	volume   = {12},
	year     = {2000},
	pages    = {44--51},
	number   = {1}
}

@article{Masuda:VolM02,
	author  = {T. Masuda},
	title   = {Registration and integration of multiple range images by matching signed	distance fields for object shape modeling},
	journal = {Computer Vision and Image Understanding},
	volume  = {87},
	year    = {2002},
	pages   = {51--65},
	number  = {1-3}
}

@inproceedings{Sun:VolM02,
	author    = {Y. Sun and D. L. Page and J. K. Paik and A. K. and M. A. Abidi},
	title     = {Triangle Mesh-Based Surface Modeling Using Adaptive Smoothing and Implicit Surface Texture Integration},
	booktitle = {Proceedings of 3DPVT},
	year      = {2002},
	pages     = {588--599}
}

@inproceedings{Sun:VolM03,
	author    = {Y. Sun and J. Paik and A. Koschan and M. Abidi},
	title     = {Surface modeling using multi-view range and color images},
	booktitle = {Integrated Computer-Aided Engineering},
	year      = {2003},
	pages     = {37--50},
	volume    = {10:1},
}

@inproceedings{Claes:VolM05,
	author    = {P. Claes and D. Vandermeulen and L. Van Gool and P. Suetens},
	title     = {Partial Surface Integration Based on Variational Implicit Functions and Surfaces for 3D Model Building},
	booktitle = {Proceedings of 3DIM},
	year      = {2005},
	pages     = {31--38}
}

@inproceedings{Soucy:MeshM92,
	author    = {M. Soucy and D. Laurendeau},
	title     = {Multi-resolution surface modeling from multiple range views},
	booktitle = {Proceedings of Computer Vision and Pattern Recognition},
	year      = {1992},
	pages     = {348--353}
}

@inproceedings{Rutishauser:MeshM94,
	author    = {M. Rutishauser and M. Stricker and M. Trobina},
	title     = {Merging Range Images of Arbitrarily Shaped Objects},
	booktitle = {Proceedings of Computer Vision and Pattern Recognition},
	year      = {1994},
	pages     = {573--580}
}

@inproceedings{Turk:MeshM94,
	author    = {Greg Turk and Marc Levoy},
	title     = {Zippered polygon meshes from range images},
	booktitle = {Proceedings of SIGGRAPH},
	year      = {1994},
	pages     = {311--318}
}

@article{Soucy:MeshM95,
	author  = {M. Soucy and D. Laurendeau},
	title   = {A General Surface Approach to the Integration of a Set of Range Views},
	journal = {IEEE Trans. on PAMI},
	volume  = {17},
	year    = {1995},
	pages   = {344--358},
	number  = {4}
}

@inproceedings{Pito:MeshM96,
	author    = {R. Pito},
	title     = {Mesh integration based on co-measurements},
	booktitle = {Proceedings on Image Processing, Special Session on Range Image Analysis.},
	year      = {1996},
	pages     = {397--400},
	volume    = {2}
}

@inproceedings{Sappa:MeshM00,
	author    = {A. D. Sappa and M. A. Garc\'{\i}a},
	title     = {Incremental Multiview Integration of Range Images.},
	booktitle = {Proceedings of ICPR},
	year      = {2000},
	pages     = {1546--1549}
}

@inproceedings{Sun:MeshM00,
	author    = {Y. Sun and C. Dumont and M. Abidi},
	title     = {Mesh-based Integration of Range and Color Images},
	booktitle = {AeroSense: Aerospace/Defense Sensing and Controls, Sensor Fusion: Architectures, Algorithms, and Applications},
	year      = {2000},
	pages     = {24--28}
}

@inproceedings{Zhou:MeshM06,
	author    = {H. Zhou and Y. Lio and L. Li},
	title     = {Incremental Mesh-Based Integration of Registered Range Images: Robust to Registration Error and Scanning Noise},
	booktitle = {Asian Conference on Computer Vision},
	year      = {2006},
	pages     = {958--968}
}

@inproceedings{Cline:MCubes87,
	author    = {William E. Lorensen and Harvey E. Cline},
	title     = {Marching cubes: A high resolution 3D surface construction algorithm},
	booktitle = {Proceedings of SIGGRAPH},
	year      = {1987},
	pages     = {163--169}
}

@inproceedings{Gagnon94:registration,
	author    = {H. Gagnon and M. Soucy and R. Bergevin and D. Laurendeau},
	title     = {Registration of Multiple Range views for Automatic 3D Model Building},
	booktitle = {Proceedings of Computer Vision and Pattern Recognition},
	year      = {1994},
	pages     = {581--586}
}
