
@article{1834499:27646422,
  author  = {Eugenio Iglesias and J  and Rory Sabuncu and M  and {Van Leemput} and K },
  title   = {{A Unified Framework for Cross-Modality Multi-Atlas Segmentation of Brain Mri}},
  journal = {{Med Image Anal}},
  year    = {2013},
  volume  = {17},
  pages   = {1181-1191}
}
@misc{1834499:27646423,
  author  = {D Ustalov and N Pavlichenko and B Tseitlin},
  journal = {{Learning from Crowds with}},
  year    = {2021},
  url     = {https://doi.org/10.48550/ARXIV.2109.08584}
}
@article{1834499:27646424,
  author  = {A   J Asman and B   A Landman},
  title   = {{Non-Local Statistical Label Fusion for Multi-Atlas Segmentation}},
  journal = {Medical Image Analysis},
  year    = {2013},
  volume  = {17},
  pages   = {194-208}
}
@article{1834499:27646425,
  author  = {A Kurve and D   J Miller and G Kesidis},
  title   = {{Multi-Category Crowdsourcing Accounting for Variable Task Difficulty, Worker Skill, and Worker Intention}},
  journal = {{IEEE Trans Knowl Data Eng}},
  year    = {2015},
  volume  = {27},
  pages   = {794-809}
}
@article{1834499:27646426,
  author  = {J Zhang and X Wu and V Sheng},
  title   = {{Imbalanced Multiple Noisy Labeling for Supervised Learning}},
  journal = {{Proceedings of the AAAI Conference on Artificial Intelligence}},
  year    = {2013},
  pages   = {1651-1652}
}
@article{1834499:27646427,
  author  = {F Tao and L Jiang and C Li},
  title   = {{Label Similarity-Based Weighted Soft Majority Voting and Pairing for Crowdsourcing}},
  journal = {{Knowl Inf Syst}},
  year    = {2020},
  volume  = {62},
  pages   = {2521-2538}
}
@book{1834499:27646428,
  location   = {Los Angeles},
  edition    = {Fourth Edition},
  title      = {Content Analysis: An Introduction to Its Methodology},
  isbn       = {978-1-5063-9566-1},
  shorttitle = {Content Analysis},
  pagetotal  = {451},
  publisher  = {{SAGE}},
  author     = {Krippendorff, Klaus},
  date       = {2018},
  year       = 2018
}
@book{1834499:27646429,
  author    = {J Li and Y Baba and H Kashima},
  title     = {Incorporating Worker Similarity for Label Aggregation in Crowdsourcing},
  publisher = {Springer International Publishing},
  address   = {Cham},
  year      = {2018},
  pages     = {596-606}
}
@inproceedings{1834499:27646430,
  author    = {J Tu and G Yu and C Domeniconi},
  title     = {{Multi-Label Answer Aggregation Based on Joint Matrix Factorization}},
  booktitle = {{2018 IEEE International Conference on Data Mining (ICDM)}},
  year      = {2018},
  publisher = {IEEE},
  pages     = {517-526}
}
@inproceedings{1834499:27646431,
  author    = {G Demartini and D   E Difallah and P Cudr{\'e}-Mauroux},
  title     = {{ZenCrowd: Leveraging Probabilistic Reasoning and Crowdsourcing Techniques for Large-Scale Entity Linking}},
  booktitle = {{Proceedings of the 21st international conference on World Wide Web}},
  year      = {2012},
  publisher = {ACM},
  pages     = {469-478}
}
@inproceedings{1834499:27646432,
  author    = {W Bi and L Wang and J   T Kwok and Z~Tu},
  title     = {{Learning to Predict from Crowdsourced Data}},
  booktitle = {{Proceedings of the 13th Conference on Uncertainty in Artificial Intelligence}},
  year      = {2014},
  publisher = {AUAI Press},
  pages     = {82-91}
}
@article{1834499:27646433,
  author  = {F Tao and L Jiang and C Li},
  title   = {{Label similarity-based weighted soft majority voting and pairing for crowdsourcing}},
  journal = {{Knowl Inf Syst}},
  year    = {2020},
  volume  = {62},
  pages   = {2521-2538}
}
@inproceedings{1834499:27646434,
  author    = {G Li and Y Zheng and J Fan},
  title     = {{Crowdsourced Data Management: Overview and Challenges}},
  booktitle = {{Proceedings of the 2017 ACM International Conference on Management of Data}},
  year      = {2017},
  publisher = {ACM},
  pages     = {1711-1716}
}
@book{1834499:27646435,
  author    = {R Artstein},
  title     = {Handbook of Linguistic Annotation},
  publisher = {Springer},
  address   = {Netherlands, Dordrecht},
  year      = {2017},
  pages     = {297-313}
}
@inproceedings{1834499:27646436,
  author    = {A Ghosh and S Kale and P Mcafee},
  title     = {{Who Moderates the Moderators?: Crowdsourcing Abuse Detection in User-Generated Content}},
  booktitle = {{Proceedings of the 12th ACM Conference on Electronic Commerce}},
  year      = {2011},
  publisher = {ACM Press},
  pages     = {167-167}
}
@article{1834499:27646437,
  author  = {Y Zheng and G Li and Y Li},
  title   = {{Truth Inference in Crowdsourcing: Is the Problem Solved?}},
  journal = {{Proc VLDB Endow}},
  year    = {2017},
  volume  = {10},
  pages   = {541-552}
}
@article{1834499:27646438,
  author  = {L Jiang and G Kong and C Li},
  title   = {{Wrapper Framework for Test-Cost-Sensitive Feature Selection}},
  journal = {{IEEE Trans Syst Man Cybern Syst}},
  year    = {2019}
}
@article{1834499:27646439,
  author  = {L Jiang and L Zhang and L Yu and D Wang},
  title   = {{Class Specific Attribute Weighted Naive Bayes}},
  journal = {{Pattern Recognit}},
  year    = {2019},
  volume  = {88},
  pages   = {321-330}
}
@article{1834499:27646440,
  author  = {J Carletta},
  title   = {{Assessing Agreement on Classification Tasks: The Kappa Statistic}},
  journal = {{Comput Linguist}},
  year    = {1996},
  volume  = {22},
  pages   = {249-254}
}
@article{1834499:27646441,
  author  = {C Li and L Jiang and W~Xu},
  title   = {{Noise Correction to Improve Data and Model Quality for Crowdsourcing}},
  journal = {{Eng Appl Artif Intell}},
  year    = {2019},
  volume  = {82},
  pages   = {184-191}
}
@article{1834499:27646442,
  author  = {D   R Karger and S Oh and D Shah},
  title   = {{Budget Optimal Task Allocation for Reliable Crowdsourcing Systems}},
  journal = {{Oper Res}},
  year    = {2014},
  volume  = {62},
  pages   = {1-24}
}
@misc{1834499:27646443,
  author    = {Y Zhang and X Chen and D Zhou and M   I~Jordan},
  journal   = {{Spectral Methods Meet EM: A Provably Optimal Algorithm for Crowdsourcing}},
  year      = {2014},
  pages     = {1260-1268},
  publisher = {Curran Associates, Inc}
}
@article{1834499:27646444,
  author    = {P Welinder and S Branson and P Perona and S Belongie},
  title     = {{The Multidimensional Wisdom of Crowds}},
  journal   = {{Advances in Neural Information Processing Systems}},
  year      = {2010},
  publisher = {Curran Associates, Inc}
}
@article{1834499:27646445,
  author  = {O Commowick and A Istace and M Kain},
  title   = {{Objective Evaluation of Multiple Sclerosis Lesion Segmentation using a Data Management and Processing Infrastructure}},
  journal = {{Sci Rep}},
  year    = {2018},
  volume  = {8},
  pages   = {13650-13650}
}
@article{1834499:27646446,
  author    = {Q Ma and A Olshevsky},
  title     = {{Adversarial Crowdsourcing Through Robust Rank-One Matrix Completion}},
  journal   = {{Advances in Neural Information Processing Systems}},
  year      = {2020},
  pages     = {21841-21852},
  publisher = {Curran Associates, Inc}
}
@article{1834499:27646447,
  author  = {A   J Asman and B   A Landman},
  title   = {{Robust Statistical Label Fusion Through Consensus Level, Labeler Accuracy, and Truth Estimation (COLLATE)}},
  journal = {{IEEE Trans Med Imaging}},
  year    = {2011},
  volume  = {30},
  pages   = {1779-1794}
}
@article{1834499:27646448,
  author    = {Q Liu and J Peng and A   T Ihler},
  title     = {{Variational Inference for Crowdsourcing}},
  journal   = {{Advances in Neural Information Processing Systems}},
  year      = {2012},
  publisher = {Curran Associates, Inc}
}
@article{1834499:27646449,
  author  = {J Hernandez-Gonzalez and I~Inza and J   A Lozano},
  title   = {{A Note on the Behavior of Majority Voting in Multi-Class Domains with Biased Annotators}},
  journal = {{IEEE Trans Knowl Data Eng}},
  year    = {2019},
  volume  = {31},
  pages   = {195-200}
}
@article{1834499:27646450,
  author  = {A Sheshadri and M Lease},
  title   = {{SQUARE: A Benchmark for Research on Computing Crowd Consensus}},
  journal = {{Proc AAAI Conf Hum Comput Crowdsourcing}},
  year    = {2013},
  volume  = {1},
  pages   = {156-164}
}
@article{1834499:27646451,
  author    = {J Whitehill and T Wu and J Bergsma},
  title     = {{Whose Vote Should Count More: Optimal Integration of Labels from Labelers of Unknown Expertise}},
  journal   = {{Advances in Neural Information Processing Systems}},
  year      = {2009},
  publisher = {Curran Associates, Inc}
}
@article{1834499:27646452,
  author  = {Y Ma and A Olshevsky and V Saligrama and C Szepesvari},
  title   = {{Gradient Descent for Sparse Rank-One Matrix Completion for Crowd-Sourced Aggregation of Sparsely Interacting Workers}},
  journal = {{J Mach Learn Res}},
  year    = {2020},
  volume  = {21},
  pages   = {5245-5280}
}
@article{1834499:27646453,
  author  = {S Winzeck and A Hakim and R Mckinley},
  title   = {{Benchmarking Ischemic Stroke Lesion Outcome Prediction Based on Multispectral MRI. Front Neurol}},
  journal = {Front. Neurol.},
  year    = {2018},
  volume  = {9},
  pages   = {679-679}
}
@inproceedings{1834499:27646454,
  author    = {N Dalvi and A Dasgupta and R Kumar and V Rastogi},
  title     = {{Aggregating Crowdsourced Binary Ratings}},
  booktitle = {{Proceedings of the 22nd international conference on World Wide Web}},
  year      = {2013},
  publisher = {Association for Computing Machinery},
  pages     = {285-294}
}
@article{1834499:27646455,
  author  = {V   C Raykar and S Yu and L   H Zhao},
  title   = {{Learning from Crowds}},
  journal = {{J Mach Learn Res}},
  year    = {2010},
  volume  = {11},
  pages   = {1297-1322}
}
@article{1834499:27646456,
  author  = {A Akhondi-Asl and L Hoyte and M   E Lockhart and S   K Warfield},
  title   = {{A Logarithmic Opinion Pool Based Staple Algorithm for the Fusion of Segmentations with Associated Reliability Weights}},
  journal = {{IEEE Trans Med Imaging}},
  year    = {2014},
  volume  = {33},
  pages   = {1997-2009}
}
@article{1834499:27646457,
  author  = {S   K Warfield and K   H Zou and W~  M Wells},
  title   = {{Simultaneous Truth and Performance Level Estimation (STAPLE): An Algorithm for the Validation of Image Segmentation}},
  journal = {{IEEE Trans Med Imaging}},
  year    = {2004},
  volume  = {23},
  pages   = {903-921}
}
@article{1834499:27646458,
  author  = {Jorge Cardoso and M Leung and K Modat and M },
  title   = {{STEPS: Similarity and Truth Estimation for Propagated Segmentations and its application to hippocampal segmentation and brain parcelation}},
  journal = {{Med Image Anal}},
  year    = {2013},
  volume  = {17},
  pages   = {671-684}
}
@article{1834499:27646459,
  author    = {J Zhang and X Wu},
  title     = {{Multi-Label Inference for Crowdsourcing}},
  journal   = {{Proceedings of the 24th ACM SIGKDD International Conference on Knowledge Discovery \& Data Mining}},
  year      = {2018},
  pages     = {2738-2747},
  publisher = {ACM}
}
@article{1834499:27646460,
  author    = {V Vapnik},
  title     = {{Principles of Risk Minimization for Learning Theory}},
  journal   = {{Advances in Neural Information Processing Systems}},
  year      = {1991},
  publisher = {Morgan-Kaufmann}
}


@article{1834499:27646461,
  author  = {V   S Sheng and J Zhang and B Gu and X Wu},
  title   = {{Majority Voting and Pairing with Multiple Noisy Labeling}},
  journal = {{IEEE Trans Knowl Data Eng}},
  year    = {2019},
  volume  = {31},
  pages   = {1355-1368}
}


@misc{1834499:27646462,
  author  = {M Ayhan and P Berens},
  journal = {{Test-Time Data Augmentation for Estimation of Heteroscedastic Aleatoric Uncertainty in Deep Neural Networks}},
  year    = {2018}
}
@inproceedings{1834499:27646463,
  author    = {J Deng and W~Dong and R Socher},
  title     = {{ImageNet: A Large-Scale Hierarchical Image Database}},
  booktitle = {{Conference on Computer Vision and Pattern Recognition}},
  year      = {2009},
  pages     = {248-255}
}
@article{1834499:27646464,
  author  = {J Zhang and V   S Sheng and J Wu},
  title   = {{Crowdsourced Label Aggregation Using Bilayer Collaborative Clustering}},
  journal = {{IEEE Trans Neural Netw Learn Syst}},
  year    = {2019},
  volume  = {30},
  pages   = {3172-3185}
}
@inproceedings{1834499:27646465,
  author    = {M Liu and L Jiang and J Liu},
  title     = {{Improving Learning-from-Crowds Through Expert Validation}},
  booktitle = {{Proceedings of the 26th International Joint Conference on Artificial Intelligence}},
  year      = {2017},
  pages     = {2329-2336}
}
@article{1834499:27646466,
  author  = {A   P Dawid and A   M Skene},
  title   = {{Maximum Likelihood Estimation of Observer Error-Rates Using the EM Algorithm}},
  journal = {{Appl Stat}},
  year    = {1979},
  volume  = {28},
  pages   = {20-20}
}
@misc{1834499:27646467,
  author      = {Dua, Dheeru and Graff, Casey},
  year        = {2017},
  title       = {{UCI} Machine Learning Repository},
  url         = {http://archive.ics.uci.edu/ml},
  institution = {University of California, Irvine, School of Information and Computer Sciences}
}
@article{1834499:27646468,
  author  = {C Li and V   S Sheng and L Jiang and H Li},
  title   = {{Noise Filtering to Improve Data and Model Quality for Crowdsourcing}},
  journal = {{Knowl-Based Syst}},
  year    = {2016},
  volume  = {107},
  pages   = {96-103}
}
@article{1834499:27646469,
  author  = {J Liu and F Tang and L Chen and Y Zhu},
  title   = {{Exploiting Predicted Answer in Label Aggregation to Make Better Use of the Crowd Wisdom}},
  journal = {{Inf Sci}},
  year    = {2021},
  volume  = {574},
  pages   = {66-83}
}
@article{1834499:27646470,
  author  = {A   J Asman and B   A Landman},
  title   = {{Formulating Spatially Varying Performance in the Statistical Fusion Framework}},
  journal = {{IEEE Trans Med Imaging}},
  year    = {2012},
  volume  = {31},
  pages   = {1326-1336}
}
@article{1834499:27646471,
  author  = {T Tian and J Zhu and Y Qiaoben},
  title   = {{Max-Margin Majority Voting for Learning from Crowds}},
  journal = {{IEEE Trans Pattern Anal Mach Intell}},
  year    = {2019},
  volume  = {41},
  pages   = {2480-2494}
}
@misc{angelopoulos2021gentle,
  title     = {A Gentle Introduction to Conformal Prediction and Distribution-Free Uncertainty Quantification},
  rights    = {{arXiv}.org perpetual, non-exclusive license},
  url       = {https://arxiv.org/abs/2107.07511},
  doi       = {10.48550/ARXIV.2107.07511},
  author    = {Angelopoulos, Anastasios N. and Bates, Stephen},
  urldate   = {2023-05-03},
  date      = {2021},
  year      = 2021,
  publisher = {arXiv}
}
@inproceedings{gal2016dropout,
  title      = {Dropout as a Bayesian Approximation: Representing Model Uncertainty in Deep Learning},
  url        = {https://proceedings.mlr.press/v48/gal16.html},
  shorttitle = {Dropout as a Bayesian Approximation},
  eventtitle = {International Conference on Machine Learning},
  pages      = {1050--1059},
  booktitle  = {Proceedings of The 33rd International Conference on Machine Learning},
  publisher  = {{PMLR}},
  author     = {Gal, Yarin and Ghahramani, Zoubin},
  urldate    = {2023-05-03},
  date       = {2016-06-11},
  year       = 2016,
  langid     = {english},
  note       = {{ISSN}: 1938-7228}
}
@article{Hoeting2016BayesianMA,
  title        = {Bayesian Model Averaging: A Tutorial (with Comments by M. Clyde, David Draper and E. I. George, and a Rejoinder by the Authors},
  volume       = {14},
  issn         = {0883-4237},
  url          = {https://projecteuclid.org/journals/statistical-science/volume-14/issue-4/Bayesian-model-averaging--a-tutorial-with-comments-by-M/10.1214/ss/1009212519.full},
  doi          = {10.1214/ss/1009212519},
  shorttitle   = {Bayesian Model Averaging},
  number       = {4},
  journal      = {Statistical Science},
  shortjournal = {Statist. Sci.},
  author       = {Hoeting, Jennifer A. and Madigan, David and Raftery, Adrian E. and Volinsky, Chris T.},
  urldate      = {2023-05-03},
  date         = {1999-11-01},
  year         = 1999,
  note         = {3286 citations (Semantic Scholar/{DOI}) [2023-05-02]},
  file         = {Full Text:/Users/personal-macbook/Zotero/storage/PP9QHG5T/Hoeting et al. - 1999 - Bayesian model averaging a tutorial (with comment.pdf:application/pdf}
}
@misc{mullachery2018bayesian,
  title     = {Bayesian Neural Networks},
  rights    = {{arXiv}.org perpetual, non-exclusive license},
  url       = {https://arxiv.org/abs/1801.07710},
  doi       = {10.48550/ARXIV.1801.07710},
  author    = {Mullachery, Vikram and Khera, Aniruddh and Husain, Amir},
  urldate   = {2023-05-03},
  date      = {2018},
  year      = 2018,
  publisher = {arXiv}
}
@misc{wang2020wisdom,
  title      = {Wisdom of Committees: An Overlooked Approach To Faster and More Accurate Models},
  rights     = {{arXiv}.org perpetual, non-exclusive license},
  url        = {https://arxiv.org/abs/2012.01988},
  doi        = {10.48550/ARXIV.2012.01988},
  shorttitle = {Wisdom of Committees},
  author     = {Wang, Xiaofang and Kondratyuk, Dan and Christiansen, Eric and Kitani, Kris M. and Alon, Yair and Eban, Elad},
  urldate    = {2023-05-03},
  date       = {2020},
  year       = 2020,
  publisher  = {arXiv}
}
